@book{griffiths2018introduction,
  title     = {Introduction to Quantum Mechanics},
  author    = {Griffiths, D.J. and Schroeter, D.F.},
  isbn      = {9781107189638},
  lccn      = {2016427941},
  url       = {https://books.google.com.eg/books?id=82FjDwAAQBAJ},
  year      = {2018},
  publisher = {Cambridge University Press}
}

@misc{El-Deeb_PEU-323_Assignments,
  author  = {El-Deeb, M.H.},
  license = {MIT},
  title   = {\href{https://github.com/mhdeeb/peu-323-latex}{PEU-323 Assignments}}
}